%% http://papersapp.com/papers/
@article{Kharzeev:2000ph,
    author = "Kharzeev, Dmitri and Nardi, Marzia",
    title = "{Hadron production in nuclear collisions at RHIC and high density QCD}",
    eprint = "nucl-th/0012025",
    archivePrefix = "arXiv",
    doi = "10.1016/S0370-2693(01)00457-9",
    journal = "Phys. Lett. B",
    volume = "507",
    pages = "121--128",
    year = "2001"
}
@article{Agostinelli:2002hh,
    author = "Agostinelli, S. and others",
    collaboration = "GEANT4",
    title = "{GEANT4--a simulation toolkit}",
    reportNumber = "SLAC-PUB-9350, FERMILAB-PUB-03-339, CERN-IT-2002-003",
    doi = "10.1016/S0168-9002(03)01368-8",
    journal = "Nucl. Instrum. Meth. A",
    volume = "506",
    pages = "250--303",
    year = "2003"
}
@article{Pinkenburg:1999ya,
    author = "Pinkenburg, C. and others",
    collaboration = "E895",
    title = "{Elliptic flow: Transition from out-of-plane to in-plane emission in Au + Au collisions}",
    eprint = "nucl-ex/9903010",
    archivePrefix = "arXiv",
    doi = "10.1103/PhysRevLett.83.1295",
    journal = "Phys. Rev. Lett.",
    volume = "83",
    pages = "1295--1298",
    year = "1999"
}
@article{Danielewicz:1998vz,
    author = "Danielewicz, P. and Lacey, Roy A. and Gossiaux, P.B. and Pinkenburg, C. and Chung, P. and Alexander, J.M. and McGrath, R.L.",
    title = "{Disappearance of elliptic flow: a new probe for the nuclear equation of state}",
    eprint = "nucl-th/9803047",
    archivePrefix = "arXiv",
    doi = "10.1103/PhysRevLett.81.2438",
    journal = "Phys. Rev. Lett.",
    volume = "81",
    pages = "2438--2441",
    year = "1998"
}
@article{Danielewicz:2002pu,
    author = "Danielewicz, Pawel and Lacey, Roy and Lynch, William G.",
    title = "{Determination of the equation of state of dense matter}",
    eprint = "nucl-th/0208016",
    archivePrefix = "arXiv",
    doi = "10.1126/science.1078070",
    journal = "Science",
    volume = "298",
    pages = "1592--1596",
    year = "2002"
}
@article{Molnar:2003ff,
    author = "Molnar, Denes and Voloshin, Sergei A.",
    title = "{Elliptic flow at large transverse momenta from quark coalescence}",
    eprint = "nucl-th/0302014",
    archivePrefix = "arXiv",
    doi = "10.1103/PhysRevLett.91.092301",
    journal = "Phys. Rev. Lett.",
    volume = "91",
    pages = "092301",
    year = "2003"
}
@article{Fries:2003vb,
    author = "Fries, R.J. and Muller, Berndt and Nonaka, C. and Bass, S.A.",
    title = "{Hadronization in heavy ion collisions: Recombination and fragmentation of partons}",
    eprint = "nucl-th/0301087",
    archivePrefix = "arXiv",
    reportNumber = "DUKE-TH-03-233",
    doi = "10.1103/PhysRevLett.90.202303",
    journal = "Phys. Rev. Lett.",
    volume = "90",
    pages = "202303",
    year = "2003"
}
@article{Hwa:2003bn,
    author = "Hwa, Rudolph C. and Yang, C.B.",
    title = "{Scaling distributions of quarks, mesons and proton for all p(T), energy and centrality}",
    eprint = "nucl-th/0302006",
    archivePrefix = "arXiv",
    reportNumber = "OITS-724",
    doi = "10.1103/PhysRevC.67.064902",
    journal = "Phys. Rev. C",
    volume = "67",
    pages = "064902",
    year = "2003"
}
@article{Abelev:2008ae,
    author = "Abelev, B.I. and others",
    collaboration = "STAR",
    title = "{Centrality dependence of charged hadron and strange hadron elliptic flow from s(NN)**(1/2) = 200-GeV Au + Au collisions}",
    eprint = "0801.3466",
    archivePrefix = "arXiv",
    primaryClass = "nucl-ex",
    doi = "10.1103/PhysRevC.77.054901",
    journal = "Phys. Rev. C",
    volume = "77",
    pages = "054901",
    year = "2008"
}
@article{Adamczyk:2015ukd,
    author = "Adamczyk, L. and others",
    collaboration = "STAR",
    title = "{Centrality and transverse momentum dependence of elliptic flow of multistrange hadrons and $\phi$ meson in Au+Au collisions at $\sqrt{s_{NN}}$ = 200 GeV}",
    eprint = "1507.05247",
    archivePrefix = "arXiv",
    primaryClass = "nucl-ex",
    doi = "10.1103/PhysRevLett.116.062301",
    journal = "Phys. Rev. Lett.",
    volume = "116",
    number = "6",
    pages = "062301",
    year = "2016"
}
@article{Adamczyk:2017xur,
    author = "Adamczyk, L. and others",
    collaboration = "STAR",
    title = "{Measurement of $D^0$ Azimuthal Anisotropy at Midrapidity in Au+Au Collisions at $\sqrt{s_{NN}}$=200  GeV}",
    eprint = "1701.06060",
    archivePrefix = "arXiv",
    primaryClass = "nucl-ex",
    doi = "10.1103/PhysRevLett.118.212301",
    journal = "Phys. Rev. Lett.",
    volume = "118",
    number = "21",
    pages = "212301",
    year = "2017"
}
@article{Adamczyk:2013gv,
    author = "Adamczyk, L. and others",
    collaboration = "STAR",
    title = "{Observation of an Energy-Dependent Difference in Elliptic Flow between Particles and Antiparticles in Relativistic Heavy Ion Collisions}",
    eprint = "1301.2347",
    archivePrefix = "arXiv",
    primaryClass = "nucl-ex",
    doi = "10.1103/PhysRevLett.110.142301",
    journal = "Phys. Rev. Lett.",
    volume = "110",
    number = "14",
    pages = "142301",
    year = "2013"
}
@article{Dunlop:2011cf,
    author = "Dunlop, J.C. and Lisa, M.A. and Sorensen, P.",
    title = "{Constituent quark scaling violation due to baryon number transport}",
    eprint = "1107.3078",
    archivePrefix = "arXiv",
    primaryClass = "hep-ph",
    doi = "10.1103/PhysRevC.84.044914",
    journal = "Phys. Rev. C",
    volume = "84",
    pages = "044914",
    year = "2011"
}
@article{Steinheimer:2012bn,
    author = "Steinheimer, J. and Koch, V. and Bleicher, M.",
    title = "{Hydrodynamics at large baryon densities: Understanding proton vs. anti-proton $v_2$ and other puzzles}",
    eprint = "1207.2791",
    archivePrefix = "arXiv",
    primaryClass = "nucl-th",
    doi = "10.1103/PhysRevC.86.044903",
    journal = "Phys. Rev. C",
    volume = "86",
    pages = "044903",
    year = "2012"
}
@article{Sun:2014rda,
    author = "Sun, X. and Masui, H. and Poskanzer, A.M. and Schmah, A.",
    title = "{Blast Wave Fits to Elliptic Flow Data at $\sqrt{s_{\rm NN}} =$ 7.7--2760 GeV}",
    eprint = "1410.1947",
    archivePrefix = "arXiv",
    primaryClass = "hep-ph",
    doi = "10.1103/PhysRevC.91.024903",
    journal = "Phys. Rev. C",
    volume = "91",
    number = "2",
    pages = "024903",
    year = "2015"
}
@article{Hatta:2015era,
    author = "Hatta, Yoshitaka and Monnai, Akihiko and Xiao, Bo-Wen",
    title = "{Flow harmonics $v_n$ at finite density}",
    eprint = "1505.04226",
    archivePrefix = "arXiv",
    primaryClass = "hep-ph",
    reportNumber = "YITP-15-39",
    doi = "10.1103/PhysRevD.92.114010",
    journal = "Phys. Rev. D",
    volume = "92",
    number = "11",
    pages = "114010",
    year = "2015"
}
@article{Xu:2013sta,
    author = "Xu, Jun and Song, Taesoo and Ko, Che Ming and Li, Feng",
    title = "{Elliptic flow splitting as a probe of the QCD phase structure at finite baryon chemical potential}",
    eprint = "1308.1753",
    archivePrefix = "arXiv",
    primaryClass = "nucl-th",
    doi = "10.1103/PhysRevLett.112.012301",
    journal = "Phys. Rev. Lett.",
    volume = "112",
    pages = "012301",
    year = "2014"
}
@article{Adamczyk:2013gw,
    author = "Adamczyk, L. and others",
    collaboration = "STAR",
    title = "{Elliptic flow of identified hadrons in Au+Au collisions at $\sqrt{s_{NN}}=$ 7.7-62.4 GeV}",
    eprint = "1301.2348",
    archivePrefix = "arXiv",
    primaryClass = "nucl-ex",
    doi = "10.1103/PhysRevC.88.014902",
    journal = "Phys. Rev. C",
    volume = "88",
    pages = "014902",
    year = "2013"
}
@article{Adam:2020pla,
    author = "Adam, Jaroslav and others",
    collaboration = "STAR",
    title = "{Flow and interferometry results from Au+Au collisions at $\sqrt{s_{NN}} = 4.5$ GeV}",
    eprint = "2007.14005",
    archivePrefix = "arXiv",
    primaryClass = "nucl-ex",
    month = "7",
    year = "2020"
}
@article{Dong:2004ve,
    author = "Dong, X. and Esumi, S. and Sorensen, P. and Xu, N. and Xu, Z.",
    title = "{Resonance decay effects on anisotropy parameters}",
    eprint = "nucl-th/0403030",
    archivePrefix = "arXiv",
    doi = "10.1016/j.physletb.2004.06.110",
    journal = "Phys. Lett. B",
    volume = "597",
    pages = "328--332",
    year = "2004"
}
@article{Andronic:2004cp,
    author = "Andronic, A. and others",
    collaboration = "FOPI",
    title = "{Excitation function of elliptic flow in Au+Au collisions and the nuclear matter equation of state}",
    eprint = "nucl-ex/0411024",
    archivePrefix = "arXiv",
    doi = "10.1016/j.physletb.2005.02.060",
    journal = "Phys. Lett. B",
    volume = "612",
    pages = "173--180",
    year = "2005"
}
@article{Voloshin:1997rs,
    author = "Voloshin, S. and others",
    editor = "Hatsuda, T. and Miake, Y. and Yagi, K. and Nagamiya, S.",
    collaboration = "E877",
    title = "{Anisotropic flow of identified particles in Au + Au collisions at AGS energy}",
    eprint = "nucl-ex/9802001",
    archivePrefix = "arXiv",
    doi = "10.1016/S0375-9474(98)00369-8",
    journal = "Nucl. Phys. A",
    volume = "638",
    pages = "455C--458C",
    year = "1998"
}
@article{Adamczyk:2014ipa,
    author = "Adamczyk, L. and others",
    collaboration = "STAR",
    title = "{Beam-Energy Dependence of the Directed Flow of Protons, Antiprotons, and Pions in Au+Au Collisions}",
    eprint = "1401.3043",
    archivePrefix = "arXiv",
    primaryClass = "nucl-ex",
    doi = "10.1103/PhysRevLett.112.162301",
    journal = "Phys. Rev. Lett.",
    volume = "112",
    number = "16",
    pages = "162301",
    year = "2014"
}
@article{Adamczyk:2017nxg,
    author = "Adamczyk, Leszek and others",
    collaboration = "STAR",
    title = "{Beam-Energy Dependence of Directed Flow of $\Lambda$, $\bar{\Lambda}$, $K^\pm$, $K^0_s$ and $\phi$ in Au+Au Collisions}",
    eprint = "1708.07132",
    archivePrefix = "arXiv",
    primaryClass = "hep-ex",
    doi = "10.1103/PhysRevLett.120.062301",
    journal = "Phys. Rev. Lett.",
    volume = "120",
    number = "6",
    pages = "062301",
    year = "2018"
}
@article{Hung:1994eq,
    author = "Hung, C.M. and Shuryak, Edward V.",
    title = "{Hydrodynamics near the QCD phase transition: Looking for the longest lived fireball}",
    eprint = "hep-ph/9412360",
    archivePrefix = "arXiv",
    reportNumber = "SUNY-NTG-94-59",
    doi = "10.1103/PhysRevLett.75.4003",
    journal = "Phys. Rev. Lett.",
    volume = "75",
    pages = "4003--4006",
    year = "1995"
}
@article{Konchakovski:2014gda,
    author = "Konchakovski, V.P. and Cassing, W. and Ivanov, Yu. B. and Toneev, V.D.",
    title = "{Examination of the directed flow puzzle in heavy-ion collisions}",
    eprint = "1404.2765",
    archivePrefix = "arXiv",
    primaryClass = "nucl-th",
    doi = "10.1103/PhysRevC.90.014903",
    journal = "Phys. Rev. C",
    volume = "90",
    number = "1",
    pages = "014903",
    year = "2014"
}
@article{Nara:2016phs,
    author = {Nara, Yasushi and Niemi, Harri and Ohnishi, Akira and St\"ocker, Horst},
    title = "{Examination of directed flow as a signature of the softest point of the equation of state in QCD matter}",
    eprint = "1601.07692",
    archivePrefix = "arXiv",
    primaryClass = "hep-ph",
    reportNumber = "YITP-15-120",
    doi = "10.1103/PhysRevC.94.034906",
    journal = "Phys. Rev. C",
    volume = "94",
    number = "3",
    pages = "034906",
    year = "2016"
}
@article{Liu:2000am,
    author = "Liu, H. and others",
    collaboration = "E895",
    title = "{Sideward flow in Au + Au collisions between 2-A-GeV and 8-A-GeV}",
    eprint = "nucl-ex/0005005",
    archivePrefix = "arXiv",
    doi = "10.1103/PhysRevLett.84.5488",
    journal = "Phys. Rev. Lett.",
    volume = "84",
    pages = "5488--5492",
    year = "2000"
}